@book{Wettl04,
  author    = {Ferenc Wettl and Gyula Mayer and Péter Szabó},
  publisher = {Panem Könyvkiadó},
  title     = {\LaTeX~kézikönyv},
  year      = {2004},
}

@article{Candy86,
  author       = {James C. Candy},
  journaltitle = {{IEEE} Trans.\ on Communications},
  month        = {01},
  note         = {\doi{10.1109/TCOM.1986.1096432}},
  number       = {1},
  pages        = {72--76},
  title        = {Decimation for Sigma Delta Modulation},
  volume       = {34},
  year         = {1986},
}

@inproceedings{Lee87,
  author    = {Wai L. Lee and Charles G. Sodini},
  booktitle = {Proc.\ of the IEEE International Symposium on Circuits and Systems},
  location  = {Philadelphia, PA, USA},
  month     = {05~4--7},
  pages     = {459--462},
  title     = {A Topology for Higher Order Interpolative Coders},
  vol       = {2},
  year      = {1987},
}

@thesis{KissPhD,
  author      = {Peter Kiss},
  institution = {Technical University of Timi\c{s}oara, Romania},
  month       = {04},
  title       = {Adaptive Digital Compensation of Analog Circuit Imperfections for Cascaded Delta-Sigma Analog-to-Digital Converters},
  type        = {phdthesis},
  year        = {2000},
}

@manual{Schreier00,
  author       = {Richard Schreier},
  month        = {01},
  note         = {\url{http://www.mathworks.com/matlabcentral/fileexchange/}},
  organization = {Oregon State University},
  title        = {The Delta-Sigma Toolbox v5.2},
  year         = {2000},
}

@misc{DipPortal,
  author       = {{Budapesti Műszaki és Gazdaságtudományi Egyetem Villamosmérnöki és Informatikai Kar}},
  howpublished = {\url{http://diplomaterv.vik.bme.hu/}},
  title        = {Diplomaterv portál (2011. február 26.)},
}

@incollection{Mkrtychev:1997,
  author    = {Mkrtychev, Alexey},
  booktitle = {Logical Foundations of Computer Science},
  doi       = {10.1007/3-540-63045-7_27},
  editor    = {Adian, Sergei and Nerode, Anil},
  isbn      = {978-3-540-63045-6},
  pages     = {266-275},
  publisher = {Springer Berlin Heidelberg},
  series    = {Lecture Notes in Computer Science},
  title     = {Models for the logic of proofs},
  url       = {http://dx.doi.org/10.1007/3-540-63045-7_27},
  volume    = {1234},
  year      = {1997},
}

@report{Jeney,
  author      = {Jeney, Gábor},
  institution = {Budapesti Műszaki és Gazdaságtudományi Egyetem, Híradástechnikai Tanszék},
  location    = {Budapest},
  note        = {\url{http://www.mcl.hu/~jeneyg/kinezet.pdf}},
  title       = {Hogyan néz ki egy igényes dokumentum? {N}éhány szóban az alapvető tipográfiai szabályokról},
  type        = {techreport},
  year        = {2014},
}


% comment?

@book{PGD,
  author    = {{Francisco Chinesta, Roland Keunings, Adrien Leygue}},
  publisher = {{Springer Cham}},
  title     = {{The Proper Generalized Decomposition for Advanced Numerical Simulations}},
  year      = {2014},
  note      = {{DOI: 10.1007/978-3-319-02865-1}},
}

@misc{KutzROM,
  author       = {{J. Nathan Kutz}},
  howpublished = {\url{https://faculty.washington.edu/kutz/rom/page1/page5/rom.html}},
  title        = {Reduced order modeling.},
}

@article{Henneron14,
  author={Henneron, Thomas and Clénet, Stéphane},
  journal={IEEE Transactions on Magnetics}, 
  title={Model Order Reduction of Non-Linear Magnetostatic Problems Based on POD and DEI Methods}, 
  year={2014},
  volume={50},
  number={2},
  pages={33-36},
  note={DOI: 10.1109/TMAG.2013.2283141}
}


@article{Sirovich,
  title={{Turbulence and the dynamics of coherent structures. I-III.}},
  author={Lawrence Sirovich},
  journal={Quarterly of Applied Mathematics},
  year={1987},
  volume={45},
  pages={561-590}
}

@article{Kosambi11,
  author={Narasimha, R.},
  journal={Resonance}, 
  title={Kosambi and proper orthogonal decomposition.},
  year={2011},
  volume={16},
  pages={574–581},
  note={DOI: 10.1007/s12045-011-0062-8}
}

@article{Aadithya18,
    title = {{The Karhunen Loéve Expansion}},
    author = {Aadithya, Karthik Venkatraman and Keiter, Eric R. and Mei, Ting},
    note = {DOI: 10.2172/1761975},
    place = {United States},
    year = {2018},
    month = {6}
}

@article{Jolliffe16,
author = {Jolliffe, Ian T.  and Cadima, Jorge },
title = {Principal component analysis: a review and recent developments},
journal = {Philosophical Transactions of the Royal Society A: Mathematical, Physical and Engineering Sciences},
volume = {374},
number = {2065},
pages = {20150202},
year = {2016},
note = {DOI: 10.1098/rsta.2015.0202},
}

@inproceedings{Chatterjee2000,
  title={An introduction to the proper orthogonal decomposition},
  author={Anindya Chatterjee},
  year={2000}
}

@inbook{Holmes2012,
	place={Cambridge},
	edition={2},
	series={Cambridge Monographs on Mechanics},
	title={Galerkin projection},
	note={DOI: 10.1017/CBO9780511919701.006},
	booktitle={Turbulence, Coherent Structures, Dynamical Systems and Symmetry},
	publisher={Cambridge University Press},
	author={Holmes, Philip and Lumley, John L. and Berkooz, Gahl and Rowley, Clarence W.},
	year={2012},
	pages={106–129},
	collection={Cambridge Monographs on Mechanics}
}